@book{stenningHumanReasoningCognitive2008,
  title = {Human {{Reasoning}} and {{Cognitive Science}}},
  author = {Stenning, Keith and van Lambalgen, Michiel},
  date = {2008-08-01},
  publisher = {The MIT Press},
  doi = {10.7551/mitpress/7964.001.0001},
  url = {https://direct.mit.edu/books/book/2785/Human-Reasoning-and-Cognitive-Science},
  urldate = {2024-05-25},
  isbn = {978-0-262-28429-5},
  langid = {english}
}
